
@book{Icove,
 author = {Icove, David and Seger, Karl and VonStorch, William R.},
 title = {Computer Crime: A Crimefighter's Handbook},
 year = {1995},
 isbn = {1-56592-086-4},
 publisher = {O'Reilly \& Associates, Inc.},
 address = {Sebastopol, CA, USA},
}